2960 4828
235 351 258 418 e
327 332 332 342 ‘
542 351 586 441 Q.
607 257 808 422 nouerit
827 341 994 442 nuncu
1082 314 1138 410 Ἃ
1210 311 1224 378 ’-

255 509 296 574 55
317 501 505 588 Prodoeet3
541 488 625 573 liaeo
644 505 803 574 recinunt
822 505 962 576 iuvenes
985 505 1111 576 dictata
1130 505 1305 600 senesque,
1391 553 1398 572 .

318 589 435 661 Laevo
458 591 610 682 suspensi
630 592 760 660 loculos
782 593 994 684 tabulamque
1016 596 1153 663 lacerto.

254 751 257 759 ,
319 677 380 743 Est
401 675 530 742 animus
551 673 616 743 tibi
626 690 643 758 ,¹
658 693 735 746 sunt
754 693 883 761 mores,
907 696 957 747 est
977 680 1093 772 lingua
1113 679 1283 772 fidesque:

252 842 257 857 Ι
320 759 389 828 Sed
410 761 663 853 quadringentis
685 787 747 829 sex
769 780 896 856 septem
917 763 1023 832 millia
1045 765 1174 848 desint,

318 845 418 914 Plebs
441 847 518 915 eris.
543 859 576 914 'at
596 846 695 940 pueri
715 849 888 932 ludentes,
911 849 989 920 Rex
1011 851 1095 932 eris,
1125 851 1229 934 aiunt,

256 933 300 1001 60
321 930 472 1002 Sirecte
493 931 608 1032 socies.
651 932 716 1002 Hic
738 959 856 1002 murus
876 938 998 1038 aeneus
1021 951 1104 1017 esto,
1127 991 1130 1010 .

303 1087 646 1156 r.55.vutg.1²ere002r.
715 1084 757 1139 57.
776 1087 811 1140 Es
826 1087 877 1144 lin.
943 1083 988 1145 58.
1006 1059 1037 1138 'St
1053 1085 1279 1158 quad-desunt.

385 1155 422 1210 Et
437 1153 575 1226 praecedit
591 1155 708 1208 Versum
724 1155 768 1210 57.
1182 1191 1185 1198 ι

235 1323 372 1382 admisisse
388 1322 515 1377 ridentur
529 1323 676 1380 Lambinus
692 1313 895 1396 Crnqniusque,
918 1321 954 1377 ob
971 1323 1125 1378 unanimem
1141 1334 1183 1378 tot
1198 1318 1348 1395 priscorum

236 1395 357 1446 ecdicum
385 1396 596 1446 consensionem.
641 1391 766 1456 Getarum
789 1391 936 1457 falluntur,
971 1394 1017 1461 qui
1043 1395 1122 1442 Iatrus
1147 1404 1200 1444 tres
1218 1393 1279 1448 hine
1296 1393 1348 1444 sibi

233 1461 354 1530 fingunt,
372 1480 514 1525 summum,
533 1464 658 1527 medium,
676 1463 770 1512 imum:
797 1479 857 1513 cum
874 1478 943 1511 unus
960 1459 1043 1511 fuerit
1058 1463 1150 1526 ricus,
1169 1463 1223 1510 lani
1242 1464 1348 1512 nomine

235 1531 386 1597 insignitus·
423 1526 536 1580 Ovidius
553 1527 628 1580 Ibide
646 1547 671 1582 r.
691 1529 750 1584 181.
776 1525 810 1580 de
833 1527 936 1600 Tityo,
972 1530 1180 1597 „Iugeribusque
1197 1545 1287 1578 novem
1304 1531 1350 1600 qui

188 1617 192 1632 ·
234 1615 352 1648 summus
370 1597 453 1646 distat
471 1597 505 1648 ab
522 1599 594 1660 imo,
614 1597 773 1665 Visceraque
789 1597 911 1646 assiduae
927 1597 1013 1646 debita
1028 1597 1132 1661 praebat
1149 1597 1226 1648 oei.“
1259 1595 1305 1646 An
1322 1608 1350 1647 et

233 1675 288 1715 tres
304 1665 402 1734 Tityos
418 1665 481 1716 hinc
499 1662 753 1716 comminiscentur?
785 1663 882 1725 Noster
906 1657 991 1716 Sem.
1019 1663 1050 1726 il,
1074 1663 1101 1716 3.
1126 1681 1153 1714 r.
1172 1663 1231 1714 308.
1251 1661 1285 1715 de
1302 1681 1348 1715 se-

234 1733 294 1802 ipso
304 1751 310 1783 :
320 1761 351 1771 —
360 1731 416 1796 „ab
433 1733 488 1784 imo
504 1727 550 1782 Ad
567 1750 699 1783 summum
716 1742 786 1781 totus
803 1729 903 1782 moduli
918 1731 1079 1799 bipednlt's:“
1098 1730 1277 1785 emutatis.
1290 1729 1348 1783 154.

235 1799 413 1864 „Primuaad
430 1809 577 1852 extremum
594 1797 687 1849 similis
698 1799 780 1850 sibi.“
797 1799 867 1867 Ergo
878 1798 954 1848 lenus
968 1817 1080 1855 summus
1097 1799 1130 1848 tib
1148 1800 1198 1849 imo
1214 1811 1254 1852 est
1267 1809 1348 1863 totus,

234 1870 381 1918 uniuersus.
415 1868 523 1917 Medius
541 1878 630 1918 autem
654 1869 739 1916 Ianus
764 1865 880 1932 dicitur,
904 1860 1138 1937 'quemadmodum
1161 1865 1351 1918 media‘mulier

234 1935 379 1999 Terentio,
401 1946 439 1985 .et
456 1933 508 1984 alia
526 1945 660 1989 sexcenta.
977 1975 980 1988 ,
1271 1965 1274 1974 ·

301 2003 346 2054 67.
379 2001 429 2052 Est
454 2004 558 2053 animus
581 2004 629 2053 riti
651 2014 712 2052 sunt
728 2002 823 2068 mores]
858 2001 913 2055 Vel
937 2001 981 2054 bic
1006 1999 1081 2054 locus
1107 2000 1268 2055 documento
1293 2017 1351 2054 ease

207 2113 210 2122 .
233 2081 338 2140 potest,
357 2088 437 2138 quam
448 2088 532 2138 aegre
548 2070 668 2122 homines
685 2071 719 2124 ab
737 2088 827 2122 errore
844 2070 927 2122 semel
945 2069 1059 2121 admisso
1078 2081 1106 2120 et
1121 2083 1170 2138 per
1184 2085 1278 2121 manus
1292 2081 1351 2120 tra-r

235 2137 293 2189 dito
311 2135 344 2186 ad
361 2155 454 2188 rerum
470 2150 639 2194 revocentur.
682 2139 718 2188 Et
733 2138 795 2188 libri
812 2137 926 2206 vulgeti‘
939 2149 965 2189 et
982 2140 1074 2208 scripti
1092 2137 1215 2206 plerique
1233 2138 1284 2190 hoc
1302 2152 1349 2188 or-

234 2204 299 2257 dine
316 2223 405 2256 versus
424 2206 567 2258 exhibent:
604 2205 656 2270 „Si
678 2207 876 2270 quadringentis
894 2223 941 2255 sex
957 2213 1050 2274 septem
1066 2203 1150 2256 millio
1167 2207 1274 2266 desunt,-
1301 2205 1351 2254 Est

234 2275 336 2324 animus
353 2275 417 2336 tibi,
437 2285 498 2323 sunt
515 2291 606 2337 mores,
625 2284 650 2322 et
667 2269 761 2344 lingue
770 2256 910 2342 fidesque,-
929 2273 1002 2323 Plebs
1020 2275 1103 2328 eris.“
1137 2271 1190 2324 Ubi
1209 2276 1268 2345 quis
1285 2289 1350 2336 non,

232 2341 277 2392 vel
293 2340 349 2391 sola
367 2343 523 2392 coniectura
536 2340 619 2392 fretus
628 2377 637 2410 ,
675 2343 832 2393 osteriorem
849 2341 1009 2394 versiculum
1025 2339 1087 2392 loco
1104 2357 1154 2392 suo
1168 2343 1286 2403 motum,
1305 2351 1363 2402 st-,

234 2426 286 2476 que
304 2407 371 2459 adeo
389 2411 474 2478 priori
490 2425 628 2478 praepone
669 2425 713 2458 nm
731 2427 788 2460 esse
805 2405 1044 2478 pronunciaverit?
1071 2425 1131 2458 cunr
1154 2411 1285 2460 sententia
1303 2425 1350 2458 sa-

179 2527 186 2536 ,
233 2479 267 2528 tis
284 2477 320 2524 sit
336 2475 493 2540 manifesta,
524 2475 698 2536 Quantumuis
715 2477 798 2526 animi
814 2477 917 2536 dntibus
935 2475 1063 2536 excellas,
1090 2477 1217 2544 ingenio,
1244 2477 1350 2539 uirtute,

234 2543 400 2609 eloquentie,
411 2541 490 2610 fide,-
516 2544 540 2592 si
557 2555 642 2592 tomen
659 2560 707 2593 sex
724 2542 765 2594 vel
781 2555 874 2611 septem
892 2541 977 2593 millia
995 2561 1155 2593 nummorum
1171 2541 1203 2593 de
1219 2545 1351 2611 quadrin-

231 2611 320 2680 gentis
337 2608 516 2660 millibus-tibi
532 2611 644 2673 desunt,
661 2611 685 2662 εἰ
702 2629 753 2660 non
772 2613 901 2680 integram
918 2611 1166 2679 qrrudringentorum
1183 2629 1307 2660 summum
1323 2611 1351 2660 iu

234 2696 314 2728 censu
330 2675 424 2740 bobes,
443 2676 560 2730 Plebeius
577 2679 645 2744 eris,
663 2675 717 2746 lege
733 2679 838 2735 Roscia,
846 2679 875 2727 id
892 2679 1033 2728 sarscs'ente.
1069 2678 1142 2742 Hoc,
1161 2679 1288 2747 inquam,
1306 2677 1352 2729 sel

234 2747 318 2816 ipsius
336 2747 362 2794 vi
380 2747 543 2810 sententiae,
577 2762 628 2813 pro
646 2745 784 2813 explorato
801 2763 858 2797 esse
875 2756 983 2814 poterat
999 2747 1083 2799 cuivis
1100 2745 1195 2796 lectori
1212 2764 1267 2796 non
1283 2743 1351 2798 adeo

234 2811 428 2864 renuntiem.
472 2809 605 2864 sedeces
623 2811 672 2862 tibi
690 2811 838 2880 Cruqnius,
866 2815 912 2880 qui
930 2817 959 2862 in
975 2815 1152 2864 vetustissimo
1169 2809 1262 2866 codice
1279 2813 1351 2864 Bus-

168 2932 172 2939 ,
232 2877 335 2932 lidiano
352 2882 391 2930 sie
408 2879 487 2951 plane
504 2881 632 2948 seriptum
650 2881 767 2942 invenit,
790 2866 872 2947 idque
890 2883 992 2949 optimo
1010 2883 1068 2931 iure
1085 2881 1114 2932 in
1132 2889 1286 2932 contextum
1303 2898 1352 2931 re-

235 2949 321 3016 cepit:
341 2945 413 2998 idem
429 2957 523 3017 postea
541 2964 574 2998 ex
591 2944 696 2998 duobus
713 2947 767 3000 stris
784 2947 960 3014 Pulmannus,
985 2967 1018 3000 ex
1036 2966 1089 3000 uno
1106 2966 1155 2998 suo
1173 2947 1352 3000 Ber-smannus

233 3013 372 3085 prodidit,
390 3033 477 3084 neque
494 3024 584 3066 tamen
600 3017 741 3131 quisquam
759 3014 846 3066 adhuc
864 3027 971 3066 exortus
989 3027 1042 3078 est,
1067 3016 1114 3086 qui
1133 3013 1280 3084 Cruquium
1299 3033 1352 3064 au-

135 3103 137 3106 ·
234 3081 293 3134 dire
311 3093 338 3133 et
355 3094 426 3133 recte
443 3085 563 3134 monenti
589 3093 737 3133 ausoutnre
755 3081 844 3136 vellet.
880 3083 910 3133 ln
934 3081 1137 3153 Magdalencnsi
1161 3096 1251 3138 nostro
1276 3086 1353 3152 prior

114 3286 143 3383 lt

110 3387 137 3403 is

107 3425 134 3455 Ἰ

106 3466 109 3489 l

106 3502 109 3519 l

196 3205 198 3210 ,
233 3149 281 3202 ille
297 3167 386 3201 sersus
404 3150 474 3200 tdtra
492 3149 588 3214 allum,
615 3147 661 3218 qu't
679 3149 776 3202 abhinc
794 3162 905 3219 quartus
921 3161 961 3202 est
977 3152 1111 3218 reiicitur,
1140 3149 1193 3202 boc
1211 3149 1351 3220 exemplo:

229 3215 307 3284 „Nil
323 3219 437 3268 conscire
453 3217 520 3282 sibi,
548 3216 623 3268 nullu
638 3215 776 3284 pallescere
792 3217 885 3286 sulpio,
912 3218 963 3270 Sed
979 3217 1177 3288 quadringentis
1193 3237 1241 3267 sex
1259 3231 1353 3288 septem

234 3283 318 3335 millia
335 3287 437 3344 desunt.
472 3286 584 3351 Roscia,
603 3281 646 3334 dic
662 3285 738 3334 sodes
755 3283 844 3334 melior
860 3283 922 3348 lex,
948 3304 984 3336 on
999 3285 1170 3354 puerorurrs.“
1190 3281 1279 3337 ¹Unde
1297 3305 1353 3358 pa·-

233 3351 307 3415 lom,
327 3355 435 3422 opinor,
452 3348 500 3414 lit,
518 3353 572 3402 iam
590 3351 655 3404 olim
671 3349 705 3401 ab
720 3347 853 3403 'oscitante
869 3351 981 3404 librario
998 3353 1160 3406 versiculum
1177 3353 1247 3406 bunc
1265 3357 1353 3405 ontis-

233 3438 292 3474 sum
308 3418 406 3484 inisse3
432 3430 581 3489 posteaque
598 3422 626 3470 iu
643 3419 778 3487 margine,
793 3431 826 3470 ut
842 3417 888 3485 fit,
912 3423 1080 3491 appositum,
1106 3440 1156 3492 per
1172 3423 1354 3492 ignorantiam
1390 3419 1392 3424 ’

234 3505 340 3552 corum,
368 3489 414 3556 qui
433 3487 571 3556 exemplar
588 3483 655 3536 illud
673 3485 884 3557 descripserunt,
912 3489 941 3540 in
963 3488 1040 3542 sedes
1056 3507 1112 3542 non
1130 3507 1188 3540 suas
1199 3489 1351 3541 transiisse.

234 3553 289 3608 Sed
306 3567 333 3606 et
350 3555 402 3606 alia
420 3573 474 3606 non
493 3555 589 3606 desunt
606 3567 777 3623 argumenta,
804 3573 872 3624 quae
890 3573 995 3608 omnem
1018 3557 1172 3626 scrupulum
1190 3559 1307 3609 eximant
1325 3567 1354 3609 et

121 3619 142 3668 .’
207 3661 208 3666 ,
233 3623 338 3674 nullum
363 3621 527 3676 dubitationi
550 3623 640 3674 locum
666 3623 826 3691 relinquent.
870 3624 921 3674 Pro
947 3625 978 3674 Si
1002 3625 1201 3694 quadringentis
1226 3623 1353 3676 meliores

233 3693 325 3760 scripti
342 3691 394 3740 Sed
410 3689 528 3750 hebent,
555 3701 615 3741 ceto
633 3689 776 3754 Lambini,
803 3689 924 3760 plerique
942 3692 1099 3756 Torrentii,
1126 3703 1180 3746 tres
1197 3691 1351 3755 Pu'lmanni,

232 3757 442 3826 Bersmsnnique
460 3757 586 3822 totidem,
605 3775 639 3810 ex
655 3761 751 3810 nostris
768 3761 902 3810 veterrimi
919 3759 1071 3824 Leidensis,
1096 3760 1276 3823 Graecianns,
1294 3760 1352 3810 Re-

233 3828 359 3892 ginensis.
395 3825 472 3877 Unde
489 3825 554 3888 boc,
581 3828 604 3876 si
620 3828 670 3878 iste
686 3826 846 3890 versiculus,
873 3843 953 3896 quem
970 3845 1040 3879 nuno
1058 3837 1144 3893 tenet,
1167 3827 1257 3878 locum
1274 3843 1351 3878 sem-

252 3911 283 3943 er
299 3895 463 3964 occuparit?
509 3891 584 3944 Nihil
607 3895 699 3963 utique
724 3891 865 3945 absurdius
883 3893 940 3946 'hac
965 3895 1097 3962 lectione;
1131 3908 1210 3948 nemo
1229 3897 1352 3946 omnium

232 3911 404 4012 librariorum
420 3974 474 4014 tam
488 3960 648 4031 plumbeus,
673 3961 719 4030 qui
736 3961 805 4012 hanc
823 3963 1076 4014 comminisceretur.
1111 3961 1151 4016 At
1176 3961 1270 4016 eadem
1286 3961 1352 4013 lon·-

203 4059 206 4064 -
233 4045 265 4096 ge
283 4031 419 4098 aptissima
436 4039 489 4094 est,
521 4031 542 4080 si
560 4027 749 4080 modoserens
767 4027 909 4080 adsedem
927 4041 1056 4082 vetustam
1073 4029 1237 4096 reducaturs
1266 4047 1352 4100 proe-

232 4098 324 4148 sertim
342 4099 364 4147 si
381 4113 431 4166 pro
449 4100 558 4159 destant,
578 4108 638 4147 cum
654 4095 779 4160 Leidensi
798 4107 825 4148 et
839 4097 982 4166 Reginensi
998 4100 1095 4150 nostris
1114 4099 1258 4168 multisque
1276 4097 1352 4148 ulio·
1387 4096 1390 4105 '

232 4181 291 4214 runs
310 4165 453 4216 substituas
470 4165 564 4217 derint.
600 4165 639 4215 Ne
655 4163 746 4216 multis
764 4181 867 4231 morer3
896 4169 935 4218 sic
957 4177 1031 4218 totns
1047 4166 1119 4218 luctu
1138 4185 1170 4218 ex
1187 4165 1352 4219 membranis

202 4245 205 4252 ⁴
231 4229 361 4298 legendus
380 4245 432 4296 est,
468 4233 538 4297 „Est
554 4232 657 4282 missus
673 4233 737 4295 tibi,
761 4243 822 4282 sunt
839 4251 937 4297 mores,
962 4233 1041 4288 estli
1078 4233 1259 4302 uqfidssquer
1294 4231 1352 4284 Sed

232 4301 432 4370 quadringentis
448 4318 497 4350 sex
513 4311 607 4368 septem
624 4299 710 4351 millio
726 4299 831 4367 desint,
848 4301 921 4354 Pleds
938 4303 1019 4355 eris.“
1078 4315 1102 4354 st
1119 4303 1211 4372 lingua
1226 4293 1352 4352 inLam-
