3026 4832
223 337 288 408 102
348 268 351 288 ¹
561 275 1015 426 Q.HORaT11FLAccl
1081 283 1082 290 Ν

308 489 372 558 Vis
394 489 554 590 conplere
575 489 689 572 libris,
712 488 900 558 stratibus
922 489 1055 564 addere·
1071 491 1193 578 calcar,

286 575 356 654 Ut
377 577 489 644 studrc
511 573 640 644 maiore
661 589 778 678 petant
799 575 965 643 Helicona
985 575 1164 646 sinentem.

193 723 198 744 ,
306 661 415 729 Multa
434 660 571 752 quidem
591 661 690 727 nob1s
710 659 851 736 facimus
872 665 960 727 mala
980 685 1081 752 saepe
1102 665 1234 765 politae,

221 746 287 816 220
307 747 375 888 gUt
394 745 510 814 vineta
532 755 665 836 egomet
685 745 825 812 caedam
844 747 933 832 mea)
955 769 1030 814 cum
1052 747 1116 814 tibr
1131 746 1257 814 librum
1367 799 1371 809 .

306 833 462 900 sollicito
485 831 621 909 damus,
645 846 702 898 aut
721 830 833 899 fessos
861 854 938 898 cum
958 829 1145 914 laedimur,
1174 855 1279 902 unum

307 916 440 1007 Siquis
462 915 648 984 amicorum
669 931 720 982 est
741 939 839 980 ansus
865 917 1072 1006 reprendere
1093 931 1250 986 versums

307 1001 393 1069 Cum
412 1005 488 1070 loca
508 1001 577 1067 iam
597 997 740 1067 recitata
767 999 975 1068 revolvimus
995 1000 1205 1072 inrevocati:

308 1086 393 1154 Cum
412 1089 636 1152 lamentamur
661 1109 733 1152 non
753 1085 918 1174 adparere
940 1086 1074 1155 labores

221 1169 284 1239 225
305 1171 467 1252 Nostros,
491 1187 524 1237 et
545 1168 641 1236 tenui
663 1165 807 1236 deducta
833 1173 989 1260 poimata
1009 1169 1090 1239 filo:

307 1257 391 1326 Cum
412 1279 585 1348 speramus
607 1277 649 1323 eo
670 1278 744 1320 rem
764 1269 954 1334 venturam,
973 1269 1023 1334 ut,
1046 1255 1147 1322 simul
1169 1271 1268 1348 atquo

307 1339 465 1426 Carnaina
484 1339 641 1410 rescieris
662 1345 724 1406 no's
746 1337 892 1430 fingere,
916 1339 1112 1408 commodus
1134 1343 1225 1408 ultro

280 1423 486 1506 ,At-cessas,
510 1440 544 1493 et
565 1448 665 1516 egere
685 1438 796 1504 retes,
825 1439 858 1490 et
880 1423 1030 1491 scribere
1052 1447 1163 1514 cogas.

14 1517 17 1586 ’.
37 1509 53 1573 ἰ
66 1541 93 1571 τι
147 1494 244 1568 “³51
274 1505 288 1538 ⁰
306 1511 375 1578 Sed
395 1528 508 1581 tamen
530 1525 729 1602 est-operae
747 1509 899 1600 pretinm
917 1531 1141 1602 cognoscere,
1166 1509 1275 1602 qualis

220 1593 285 1665 230
305 1595 473 1664 Aedituus
494 1591 619 1662 habeat
638 1586 721 1662 belli
742 1609 891 1684 spectata
913 1590 1072 1695 domique

304 1681 444 1763 Virtus,
465 1679 610 1772 indigno
627 1701 699 1746 non
720 1677 949 1746 conmittenda
969 1683 1100 1770 poe'tae.

305 1767 430 1834 Gratas
451 1763 652 1832 Alexandro
674 1761 748 1854 regi
768 1787 890 1852 magno
912 1761 978 1830 fuit
992 1761 1050 1830 ille
1176 1821 1178 1832 .

305 1849 505 1930 Choerilos,
525 1847 661 1916 incultis
683 1847 742 1940 qni
761 1847 916 1916 versibus
938 1863 973 1914 et
992 1851 1080 1914 male
1101 1847 1188 1916 natis

238 2007 241 2017 ,
303 1931 448 2002 Rettulit
469 1949 644 2024 acceptos,
666 1935 778 2023 regale
800 1931 984 2012 nomisma,
1012 1931 1200 2022 Philippos.

218 2021 293 2090 235¹
305 2019 375 2087 Sed
394 2017 502 2088 veluti
522 2033 664 2088 tractata
683 2033 801 2086 notam
821 2019 997 2119 labemqne
1019 2016 1195 2085 remittunt

302 2106 522 2183 Atramenta,
543 2101 617 2169 sere
639 2101 823 2192 scriptores
845 2125 994 2168 carmine
1015 2101 1119 2170 foedo

304 2187 491 2282 Splendida
509 2187 599 2254 facta
620 2185 753 2253 linunt,
783 2185 878 2252 idem
898 2211 962 2252 rex
983 2185 1059 2265 ille,
1087 2189 1210 2277 poime

299 2274 373 2360 Qui
393 2291 464 2342 tam
484 2272 666 2341 ridiculum
686 2287 755 2337 tam
776 2293 854 2341 care
875 2269 976 2361 prodi
1023 2295 1039 2336 s
1062 2270 1154 2356 emit,

135 2395 136 2404 ι
302 2359 425 2429 Edicto
446 2356 573 2440 vetnit3
595 2381 639 2424 ne
661 2353 735 2446 quis
757 2379 792 2422 se
806 2371 950 2446 praeter
1005 2357 1118 2446 pellea
1268 2360 1271 2370 '

102 2439 107 2447 ¹
217 2447 283 2516 240
302 2445 482 2540 Pingeret,
505 2458 564 2540 aut
584 2441 669 2510 alius
688 2437 844 2533 Lysippo
852 2475 858 2498 ι
866 2439 1005 2510 cuderet
1020 2441 1100 2514 acr'a

521 2613 551 2651 v·
566 2589 628 2648 2⁴0·
661 2593 746 2670 Vulg.
764 2595 886 2650 Ducere.

216 2785 260 2837 De
275 2785 317 2837 lu'e
332 2801 422 2837 erarem
446 2783 563 2854 clipeum
587 2783 698 2843 cdbr'ber
731 2783 814 2838 rerba
839 2804 902 2838 vero
918 2782 996 2838 nulla
1012 2758 1058 2852 ri,
1092 2783 1176 2839 nullis
1192 2782 1334 2840 tormentis

216 2871 311 2924 coges,
327 2865 360 2906 at
375 2869 482 2906 sentum
499 2869 560 2905 eum
578 2851 703 2908 inundant.
737 2851 762 2902 N
833 2871 875 2904 am
893 2856 963 2906 euim
981 2851 1082 2904 dictum
1100 2867 1140 2907 est
1211 2852 1270 2906 ‹ler‘e
1286 2872 1328 2905 ere

216 2941 272 2974 rem
298 2919 379 2972 alicui
402 2938 452 2990 pro
470 2939 558 2971 euram
582 2919 694 2971 clicerius
711 2857 1333 2992 cggffifflffffib‘pffifflscrmcnit

145 3029 149 3045 .
214 2988 335 3041 indolem
351 2999 423 3040 recte
440 2985 495 3040 dici
510 2997 609 3057 potest.
646 2983 725 3060 Quod
743 2999 770 3040 et
786 2989 1071 3058 interpreteseeasisss
1095 2989 1186 3060 palam
1204 3002 1253 3056 est,
1272 3009 1349 3052 cum¹

215 3058 300 3109 coacti
319 3066 346 3108 et
362 3057 438 3106 inniti
455 3072 538 3107 norae
554 3065 582 3107 et
598 3053 679 3106 durae
696 3055 889 3124 explicationes
912 3056 957 3108 bic
983 3069 1126 3126 quaerunt.
1177 3057 1234 3108 Alii
1260 3060 1333 3109 enim

214 3125 253 3176 sic
271 3133 411 3187 enarrant,
429 3123 518 3174 Redde
535 3121 576 3172 bie
592 3141 699 3188 merom,
717 3119 799 3190 fatiga
819 3141 864 3176 eos
881 3143 962 3192 cura,
987 3123 1072 3176 redde
1090 3143 1134 3176 eor
1152 3127 1234 3194 magis
1251 3123 1333 3176 solli·

214 3193 283 3246 citoe
300 3203 327 3243 et
344 3189 503 3260 diligentest
537 3190 587 3242 alii
604 3201 697 3242 contra
713 3191 743 3242 in
760 3190 830 3241 bunc
847 3193 975 3258 modum,
1001 3193 1113 3243 Brevem
1130 3193 1205 3243 redde
1222 3190 1263 3240 bis
1280 3209 1332 3242 eu·
1365 3210 1369 3219 ’

213 3277 287 3323 ram,
306 3255 400 3324 effice,
418 3257 506 3308 uthis
523 3275 585 3310 cura
603 3257 691 3310 brevis
707 3255 751 3310 rel
767 3257 843 3308 nulla
861 3261 904 3324 sit,
924 3258 966 3312 isc
984 3269 1014 3310 ut
1030 3261 1071 3314 ne'
1082 3259 1262 3312 distrahentur
1279 3278 1332 3312 cu-

213 3328 250 3378 ris
268 3345 284 3377 a
300 3325 420 3380 versibus
436 3323 592 3379 scribendis.
614 3323 704 3395 ·Quae
722 3343 803 3394 quam
820 3325 982 3381 febriculcsa
998 3327 1052 3378 sint
1068 3337 1094 3378 et
1110 3325 1190 3398 plane
1203 3337 1330 3394 aegroto-

212 3411 272 3444 rum
290 3395 410 3458 somnia,
427 3409 515 3462 neque
532 3391 612 3462 digne
630 3411 699 3464 quae
715 3391 890 3458 refellantur,
908 3412 950 3446 res
967 3397 1025 3466 ipsa
1043 3393 1150 3448 clamat.
1185 3391 1258 3464 Quid
1276 3395 1283 3443 l
1303 3397 1330 3435 ⁰-
1415 3425 1420 3442 .

212 3459 280 3512 tur?
313 3460 387 3510 Deua
405 3462 500 3528 utique
518 3477 552 3511 ex
568 3459 691 3511 machina
716 3459 826 3530 prodit,
851 3479 882 3513 ac
898 3461 1034 3514 laboranti
1051 3461 1113 3514 loco
1130 3461 1253 3517 subvenit
1295 3479 1330 3514 o-

212 3527 266 3612 dax
284 3525 396 3596 Collegii
414 3527 574 3626 Trinitatis,
610 3525 746 3610 quietare
769 3539 797 3580 et
819 3529 877 3581 sine
898 3527 979 3580 litura
1007 3529 1134 3594 exhibet,
1160 3557 1195 3570 -
1220 3547 1331 3593 „ceram

210 3590 914 3732 iiiiii,tinniitttat'bwltti
931 3606 1015 3716 iltis
1037 3599 1331 3732 :litttasttttl‘t

210 3733 274 3782 ltem
292 3733 320 3781 in
339 3731 415 3780 redde
431 3730 577 3799 permutari
600 3741 696 3800 posset.
732 3727 857 3784 Ceterum
875 3749 971 3796 euram,
989 3731 1111 3796 laborem,
1129 3751 1231 3802 operare
1248 3733 1331 3783 elicui

181 3850 186 3863 ,
209 3799 353 3866 imperdere
369 3797 550 3866 vulgatissima
567 3808 629 3848 sunt
654 3797 728 3868 apud
753 3801 860 3868 quoeris
884 3801 1036 3869 scriptores·
1070 3800 1202 3868 Virgilius
1229 3799 1287 3852 Geo
1320 3840 1330 3858 ,

209 3866 245 3930 ΙΙ,
263 3865 324 3920 433.
343 3865 400 3932 „Et
416 3865 536 3915 dubitant
553 3865 667 3916 borsines
685 3885 774 3930 serere,
792 3879 872 3936 arque
887 3865 1034 3938 inpendere
1051 3862 1184 3920 curam.m
1218 3870 1265 3933 111,
1282 3871 1300 3920 7
1319 3907 1328 3923 .

207 3931 397 4001 „Praecipuum
413 3934 467 3982 iarn
483 3933 543 3982 inde
559 3949 576 3981 a
592 3933 685 3982 tenerir
707 3933 824 4004 inpende
840 3933 993 3988 lahorem.“
1028 3931 1088 3987 124.
1099 3937 1264 4003 —-„inatont
1281 3937 1329 3987 rub

206 4009 325 4068 tempus,
344 4011 368 4049 et
386 4017 471 4051 omnes
489 3999 641 4070 lnpendunt
658 4017 734 4052 curas
751 4003 832 4052 denec
847 4003 991 4053 distendere
1004 4005 1131 4072 pingui.“
1167 3999 1248 4060 Orid.
1264 4003 1326 4059 Art.

207 4065 298 4132 Amat.
318 4067 378 4121 297.
398 4065 546 4132 „Omnibus
564 4067 622 4131 bie,
641 4069 763 4136 quoniain
778 4082 908 4140 prosunt,
926 4069 1067 4141 inpendite
1084 4075 1208 4127 curam.“

274 4149 336 4203 240.
371 4149 428 4200 Aue
445 4149 514 4202 olim
531 4151 646 4268 Ιιίιίρρο
664 4153 765 4202 duceret
782 4155 864 4222 nera]
900 4151 968 4208 Cum
985 4155 1158 4210 membranae
1173 4155 1218 4208 bic
1235 4171 1327 4206 omnes

195 4221 308 4300 ¹demeret
317 4235 381 4287 prae
389 4236 417 4269 se
425 4217 529 4286 ierant,
577 4218 697 4274 suabinus
707 4238 739 4272 ex
750 4224 902 4274 coniectura
916 4225 1065 4302 proposuit,
1083 4225 1195 4302 eadmer,
1213 4221 1325 4292 Virgilii

205 4285 269 4340 loco
292 4283 426 4344 saductus¹
443 4285 515 4339 Aen.
541 4285 589 4352 Vl,
614 4282 675 4345 848.
701 4287 865 4353 „Excudent
887 4289 937 4343 ciri
958 4293 1090 4362 spirantia
1105 4289 1211 4343 molirer
1228 4291 1324 4342 aera.“
