2960 4828
459 192 466 230 l

379 280 932 385 arrsromnunumntt.
955 287 1007 352 12.
1058 301 1062 313 =
1212 293 1256 362 ts

406 487 841 618 nrts'rona
880 437 982 582 xri.
1070 622 1073 633 1

530 675 611 771 ⁸ap
647 673 856 745 rccmtt.
910 690 949 706 -’

221 845 402 930 Fructibus
422 843 596 938 Agrippae
618 840 760 926 Siculis,
773 867 867 938 =quos
889 845 1039 938 colligis,
1060 847 1156 934 Ιοοί,Ι

222 932 261 1000 Si
283 949 375 1000 recte
395 930 537 1012 frueris3
560 954 630 999 non
652 945 760 1012 estut
781 955 822 998 co
847 929 881 1001 ia
901 931 1011 1002 maior
1149 924 1154 944 '

222 1019 280 1086 Ab
302 1018 385 1091 Iove
407 1013 528 1092 donari
549 1013 656 1107 possit
676 1014 750 1082 tibi.
795 1031 831 1084 to
859 1019 1072 1108 equeselas:
1155 1062 1158 1074 ·

172 1116 176 1129 '
221 1103 356 1194 Pauper
377 1101 468 1174 enim
488 1116 648 1180 nonest,
677 1099 733 1168 cui
752 1123 870 1168 rerum
888 1101 1037 1194 suppetit
1058 1105 1159 1172 usus.'
1235 1137 1238 1148 ·

179 1193 202 1254 5
224 1187 262 1254 Si
282 1185 397 1258 ventri
411 1189 523 1268 bene,
545 1183 580 1257 si.
596 1181 696 1260 lateri
716 1201 782 1266 est,
805 1183 1014 1277 pedibusque
1036 1185 1121 1274 tuis3
1142 1189 1192 1275 nil
1210 1193 1216 1208 “
1241 1242 1245 1250 ,

138 1307 145 1318 =
222 1273 373 1342 Divitiae
394 1286 555 1371 poterunt
575 1271 705 1360 regales
727 1269 853 1338 addere
874 1271 991 1340 maius.
1013 1349 1016 1358 1

224 1356 431 1440 Sisenem
452 1354 572 1424 medio.
587 1353 778 1446 positorum
799 1349 998 1438 abstemius,
1020 1352 1146 1427 herbis·

222 1441 323 1509 Vivis
346 1440 526 1520 et'urtica3
549 1439 597 1508 sic
618 1439 714 1507 vives
735 1456 898 1531 protenus
909 1439 977 1520 ,''ut
998 1457 1032 1508 te
1156 1447 1179 1526 ,’

126 1584 132 1597 .
225 1525 411 1598 Confestim
432 1523 580 1615 liquidus
601 1523 758 1610 fortunae
778 1524 872 1592 rivus
894 1523 1045 1596 inauret:
1154 1595 1159 1606 ,

159 1613 204 1680 10
215 1613 291 1680 'Vel
312 1609 392 1704 quia
407 1626 566 1706 natupam
586 1624 717 1677 mutare
737 1609 881 1700 pecunia
907 1610 1027 1693 nescit,

224 1697 293 1764 Vel
313 1695 393 1786 qnia
413 1711 533 1772 cuncta
552 1710 648 1784 putas
670 1719 738 1760 una
757 1693 884 1762 virtute
905 1695 1049 1764 minora.
1120 1737 1125 1744 ·

223 1781 406 1868 Miramur,
429 1779 460 1847 si
479 1777 671 1868 Democriti
690 1801 792 1870 pecus
814 1780 886 1846 edit
907 1783 1033 1872 agellos
1065 1863 1068 1869 Ι
1143 1832 1158 1854 ,,

224 1866 404 1958 Cultaque,
442 1863 524 1932 dum
544 1886 688 1955 peregre
710 1879 761 1930 est
782 1863 910 1932 animus
932 1865 1173 2015 spneporpor's
1193 1891 1256 1938 ve·
1306 1903 1312 1908 ·

940 1973 1025 2018 .ox.

225 2035 311 2114 Cum
330 2051 368 2102 tu
389 2033 480 2102 iuter
500 2029 649 2102 scabiem
668 2044 796 2102 tantam
817 2047 851 2101 et
872 2035 1027 2126 contagia
1047 2033 1135 2104 lucri

162 2125 204 2192 15
224 2123 282 2190 Nil
303 2145 446 2212 parvum
468 2119 594 2209 sapias,
617 2134 652 2185 et
673 2118 783 2185 adhuc
804 2119 961 2186 sublimia
982 2143 1097 2188 cures:

217 2208 322 2292 'Quae
336 2229 430 2271 mare
445 2217 647 2296 conpescunt
663 2225 815 2286 caussae3
838 2204 921 2294 quid
935 2219 1101 2296 temperet
1114 2229 1256 2290 annum:

224 2291 350 2359 Stellae
372 2304 491 2380 sponte
513 2297 588 2368 s'ua,
611 2287 764 2354 iussaene
784 2305 951 2384 vagentur
973 2306 1006 2358 ct
1029 2306 1163 2368 errent:

224 2375 319 2526 quid
339 2389 471 2466 premat
492 2374 673 2441 obscurum*
693 2375 810 2453 lunae,
843 2373 925 2464 quid
946 2373 1100 2470 proferat
1120 2375 1258 2444 orbem:
1343 2449 1351 2462 ⁶

225 2463 240 2524 l
260 2459 320 2526 uid
341 2458 425 2526 velit
446 2473 480 2524 et
500 2457 608 2548 possit
629 2481 744 2524 rerum
766 2457 950 2528 concordia
973 2459 1122 2528 discors:

157 2548 205 2614 20
225 2524 465 2636 limpedocles,
490 2567 533 2608 an
554 2539 752 2608 Stertinium
775 2541 897 2610 deliret
918 2567 1068 2632 acumen.

175 2649 185 2660 ·
224 2631 357 2696 Verum
378 2651 437 2694 seu
459 2625 579 2718 piscis,
603 2651 662 2692 scu
683 2650 824 2717 porrum
846 2643 880 2694 et
901 2651 1003 2722 caepe
1024 2627 1186 2709 trucidas,

224 2711 518 2804 UterePompeio
541 2711 718 2802 Grosph03
741 2727 793 2793 et,
815 2711 844 2778 si
867 2711 949 2803 quid
970 2729 1080 2804 petet,
1103 2717 1201 2782 ultro
1241 2745 1243 2748 ·

224 2799 351 2880 Deler,
375 2797 425 2864 nil
446 2795 623 2888 Grosphus
645 2795 711 2862 uisi
731 2795 985 2874 veruntorabit
1006 2814 1040 2864 et
1061 2823 1099 2864 ae
1125 2824 1215 2865 uum.

226 2885 316 2951 Vilis
332 2883 524 2952 ⁴amicorum
547 2897 597 2949 est
619 2905 767 2962 annona,
790 2881 889 2950 bonis
912 2883 973 2948 ubi
993 2883 1075 2974 quid
1097 2825 1201 2952 deest.

160 2973 205 3037 25
226 2971 278 3036 Ne
300 2984 413 3038 tamen
434 2966 586 3056 ignores,
610 2988 677 3056 quo
699 2965 743 3032 sit
763 2965 916 3056 Romana
938 2971 1014 3036 loco
1036 2993 1114 3034 rest
1160 3015 1164 3018 -
1415 2997 1438 3078 ι

227 3054 396 3122 Cantaber
416 3049 502 3141 Agri
529 3074 608 3151 pac,
632 3049 751 3117 Claudi
771 3051 898 3118 virtute
953 3051 1066 3120 cronis
1161 3029 1442 3115 v.·ki*·1·¹‘t5'

226 3137 411 3206 Armenius
434 3076 583 3207 cccidtta
597 3134 650 3204 ius
670 3135 917 3229 imperiumque
965 3137 1100 3204 hraates
1234 3219 1239 3228 Ι

121 3271 129 3304 ,
154 3223 157 3232 '
228 3221 380 3290 Caesaris
403 3220 551 3312 accepit,
574 3221 715 3310 genibus
736 3219 860 3288 minor.
905 3245 1007 3290 aurea
1026 3222 1142 3313 fruges

227 3305 346 3376 Italiae
366 3309 469 3399 pleno
492 3303 650 3372 deftmdit
672 3303 780 3396 Copia
800 3329 935 3413 cornu.¹

448 3493 476 3528 r.
493 3473 538 3530 29.
572 3473 656 3544 vulg.
674 3471 806 3544 Diffutlit.

209 3663 238 3721 9.
275 3642 420 3738 Confdtim
435 3659 559 3731 ‘liquidus
575 3658 711 3731 fananas
735 3662 807 3713 rivus
831 3663 946 3730 inauret]
980 3662 1155 3716 Membrauae
1172 3679 1262 3716 omnes

143 3732 264 3803 ubique,
283 3729 408 3802 liquidus.
444 3731 498 3782 nat
534 3730 686 3792 hortamen
703 3741 779 3782 vetus
789 3731 982 3784 Grammaticus
996 3732 1112 3806 ppatoo.
1132 3731 1195 3796 „At
1210 3724 1269 3782 ara-¹
1297 3740 1405 3791 a?

142 3805 238 3865 rum,“
257 3803 310 3863 ait,
330 3801 456 3866 „inaura
557 3809 577 3853 t.
596 3809 769 3864 ·-„„utte
787 3797 1176 3869 Goffaenlmlargusfcrrrtnae
1191 3801 1264 3850 riuus
1303 3809 1417 3867 f*

141 3871 309 3922 inauret.““
344 3867 404 3918 Nou
422 3866 522 3936 placet.
1176 3872 1178 3878 '

213 3967 258 4022 29.
292 3965 390 4018 Italiae
411 3965 489 4034 pleno
515 3963 647 4034 diffie-edit
668 3967 744 4034 copia
769 3965 864 4034 cornu]
897 3965 1012 4018 Variant
1034 3963 1078 4018 ltic
1102 3963 1183 4019 libri:
1218 3967 1264 4018 alii

142 4033 277 4104 diffracti,
306 4035 369 4098 alii,
396 4031 545 4102 diffundit,
570 4032 712 4103 defundit,
739 4035 853 4106 desedit.
889 4033 930 4086 Ex
943 4036 1087 4104 postremis
1103 4033 1144 4086 his
1161 4033 1264 4089 alteru-

141 4118 215 4156 trum
235 4101 395 4174 probamus:
413 4105 436 4154 si
454 4100 559 4170 defudit
576 4119 636 4152 cum
654 4101 787 4154 Vossianc
807 4113 833 4153 st
850 4101 978 4154 Leidensi
995 4100 1099 4170 legeris,
1116 4113 1179 4172 post
1196 4121 1266 4154 mee
1320 4111 1325 4130 ⁴

141 4191 200 4226 sem
216 4173 319 4242 scripta
337 4171 390 4220 erit
406 4167 546 4239 Epistolst3
564 4170 586 4222 ai
604 4169 728 4241 defundit
746 4187 807 4224 curn
824 4168 974 4221 Blandiniit
991 4179 1019 4222 et
1035 4171 1187 4239 negasne,
1206 4171 1265 4242 ipso

141 4241 237 4294 meni!
255 4250 389 4310 temporeo
421 4275 440 4322 ,ᾗ
519 4275 523 4288 ι
638 4291 650 4300 ,,
1136 4265 1143 4276 “
