2960 4828
203 311 263 380 ⁸aa
521 285 789 430 cenoman
816 293 989 376 rmccr
1095 307 1100 368 ;
1199 349 1233 380 .,

225 467 228 478 ’
303 463 358 533 Ac
379 451 422 529 ne
443 477 478 529 te
498 461 670 543 retrahas,
693 457 728 528 e't
748 457 989 526 inexcusabilis
1011 457 1137 544 ab'stess
1173 529 1175 534 ,

305 545 468 634 Quamvis
488 546 539 612 nil
560 562 659 613 extra
677 549 855 626 numerum
876 541 996 611 fecisse
1017 544 1222 637 modumque

240 635 283 702 60
305 633 409 701 Cures
420 625 439 714 ,·'
450 631 622 698 interdum
642 629 779 721 nugaris
801 651 881 696 rura
895 647 1056 720 paterno.

237 771 241 778 .
298 717 453 786 ‘Partitur
473 716 584 784 lintris
606 716 792 784 exercitus:
814 714 917 782 Actia
937 737 1061 805 pugna,

303 804 357 872 Te
380 803 484 880 duce,
506 825 569 891 per
589 825 713 892 pueros
735 799 853 868 hostili
873 822 969 869 more
991 798 1159 866 referturr

267 914 272 932 ¹
301 885 532 956 Adversarius
554 902 605 953 eat
623 885 749 965 frater;
772 888 862 950 lacus
884 883 1032 950 Hadria:
1051 885 1166 974 'donec

301 973 516 1041 Alterutrum
536 974 642 1040 velox
663 969 810 1039 victoria
829 969 954 1038 fronde
977 985 1129 1038 coronet.

238 1060 281 1125 65
303 1055 503 1126 Consentire
525 1055 593 1122 suis
616 1054 736 1123 studiis
757 1055 817 1144 qui
838 1054 1024 1122 crediderit
1044 1070 1089 1136 te,
1231 1127 1236 1144 ¹
1279 1113 1281 1118 ,

300 1133 428 1211 Fautor
449 1157 593 1232 utroque
614 1157 709 1208 tuum
729 1141 881 1208 laudabit
901 1139 1025 1230 pollice
1051 1140 1180 1206 ludum.

237 1285 241 1298 .
300 1229 467 1295 Protenus
488 1241 527 1292 ut
546 1249 721 1308 moneam,
748 1225 791 1312 (si
814 1223 896 1314 quid
918 1223 1096 1294 monitoris
1118 1221 1269 1314 egestu)

302 1311 396 1396 Quid
418 1311 469 1378 de·
483 1310 716 1400 quoqueviro
725 1356 738 1393 ,
758 1324 796 1377 et
817 1308 872 1375 cui
894 1309 1005 1388 dicas,
1028 1333 1128 1398 saepe
1149 1309 1278 1378 videto.

301 1396 580 1464 Percontatorem
600 1395 636 1461 fu
663 1395 735 1464 ’tor¹
749 1408 827 1460 nam
839 1429 842 1434 v
848 1395 1003 1483 garrulus
1023 1392 1116 1459 idem
1136 1410 1202 1461 est:

137 1491 140 1500 ’
163 1501 166 1508 “
237 1482 281 1550 70
301 1483 372 1549 Nec
395 1480 543 1548 retinent
563 1497 644 1570 patu
659 1503 697 1546 ae
721 1477 886 1548 conmissa
908 1478 1055 1546 fideliter
1076 1501 1193 1562 aures,

148 1577 153 1584 '
188 1608 191 1621 ,
301 1567 346 1633 Et
366 1568 469 1632 semel
491 1565 649 1632 emissum
669 1564 763 1633 volat
782 1563 1014 1632 inrevocabile
1035 1565 1192 1632 verbum.

299 1651 379 1719 Non
401 1650 523 1717 ancilla
542 1665 638 1717 tuum
657 1648 754 1716 iecur
773 1652 904 1715 ulceret
924 1651 993 1716 ulla
1014 1672 1158 1738 puerve,
1257 1669 1259 1674 ·

299 1735 396 1803 Intra
416 1758 644 1802 marmoreum
665 1733 853 1802 venerandi
873 1733 978 1798 limen
1000 1732 1120 1799 amici:

301 1819 353 1888 Ne
376 1817 549 1899 dominus,
572 1816 670 1910 pueri
691 1818 827 1909 pulchri
849 1841 990 1884 caraeve
1011 1820 1143 1908 puellae

237 1905 280 1973 75
301 1905 443 1972 Munere
464 1919 498 1970 te
520 1927 628 1993 parvo
650 1903 747 1984 beet,
771 1919 827 1970 aut
847 1899 1082 1970 incommodus
1104 1917 1215 1994 angat.

232 2037 236 2046 .
302 1990 446 2076 Qualem
467 1987 691 2076 copmendes,
734 1986 837 2055 etiam
857 2003 957 2079 atque
986 1987 1089 2056 etiam
1117 1987 1246 2080 aspice:
1288 2011 1332 2055 na

1025 2097 1111 2141 mox

298 2155 469 2229 incutiant
490 2155 599 2224 aliena
619 2153 684 2224 tibi
703 2171 842 2248 peccata
886 2156 1029 2226 udorem

300 2243 482 2323 Fallimur,
505 2257 539 2310 et
553 2239 732 2332 ¹quondam
752 2265 823 2310 non
870 2243 985 2331 ignum
1006 2241 1189 2310 tradimus:
1212 2267 1310 2335 ergo,

302 2328 413 2414 Quem
433 2352 502 2399 sua,
515 2328 613 2418 culpa
634 2341 785 2418 premet,
809 2325 969 2418 deceptus
992 2329 1109 2396 omitte
1131 2327 1231 2396 tueri.

237 2415 281 2489 80
300 2417 351 2482 At
370 2412 505 2513 penitus
525 2425 645 2480 notum
665 2409 696 2479 si
716 2426 847 2480 tentent
868 2411 1028 2496 crimina,
1051 2437 1166 2482 serves

469 2583 497 2624 r.
515 2561 559 2620 ὅθι
591 2563 675 2636 Valg.
692 2563 781 2617 Mais·
849 2565 894 2622 80.
914 2561 946 2616 Ut
963 2583 1028 2640 pen·
1135 2641 1139 2650 Ι

284 2747 329 2808 58.
349 2749 399 2802 'Et
415 2709 603 2811 inexcusabilis
619 2747 703 2867 absi?
737 2751 778 2802 its
795 2749 904 2820 quidem
920 2751 1000 2819 libri,
1023 2753 1109 2818 οὔὼς
1128 2751 1176 2806 sed
1192 2751 1333 2823 aliquanto
1350 2705 1356 2712 ι

217 2819 365 2890 elegantius
381 2829 488 2940 poterat
504 2817 618 2882 dixisse,
637 2827 664 2868 et
700 2817 767 2883 ixit,
785 2818 874 2888 siquid
891 2819 995 2888 iudico,
1023 2821 1096 2886 „seu
1112 2841 1144 2871 ne
1159 2831 1185 2872 ts
1201 2821 1331 2888 retrahas,

216 2900 241 2939 et
258 2892 383 2938 incasura
400 2887 443 2938 iiis
461 2887 579 2938 shuess‘
630 2882 682 2954 Qui
701 2885 773 2937 enim
794 2887 906 2937 retrahit
929 2905 974 2952 ss,
1010 2893 1158 2942 accuratius
1184 2901 1211 2942 et
1235 2891 1332 2942 iustius

198 2969 256 3008 'est
273 2967 304 3005 ut
321 2973 382 3006 eum
399 2957 503 3005 obstare
519 2955 574 3004 sire
592 2951 720 3004 absistere
737 2951 824 3020 dicas,
843 2973 923 3023 quam
941 2955 1035 3008 abessa
1069 2956 1170 3022 Adde,
1188 2956 1263 3026 quod
1280 2957 1331 3006 ab·
1389 2953 1392 2958 ¹

216 3035 256 3073 est
272 3025 300 3074 in
318 3021 495 3091 praecedente
512 3039 588 3073 versu
605 3023 691 3082 venit3
721 3031 753 3070 ut
773 3022 933 3074 inconcinna
956 3025 991 3076 sit
1014 3027 1150 3096 recedito.
1189 3025 1285 3076 Noster
1301 3027 1332 3076 in

216 3091 284 3144 Arte
301 3091 424 3142 rustica:
444 3089 500 3154 „Ut
514 3090 634 3157 pistura,
650 3087 751 3156 poesis.-
777 3101 826 3139 ινιτ
843 3107 913 3160 quae
927 3108 950 3141 aa
964 3109 1074 3162 proprus
1091 3105 1160 3158 ates,
1193 3093 1230 3143 Te
1246 3094 1332 3162 capiet

134 3173 141 3182 “
215 3160 317 3228 magis,
335 3169 360 3208 et
395 3159 503 3208 uaedam
522 3157 546 3206 si
562 3155 667 3226 lougius
685 3155 806 3215 abstes.“

283 3225 326 3307 ⁶3:
348 3178 438 3308 ¹(inid
455 3225 486 3274 ds
504 3243 603 3293 quoque
620 3226 674 3274 viro
685 3211 704 3304 ,ἶ
717 3235 741 3272 et
759 3225 985 3309 rniudr'cur'raepe
1001 3227 1114 3295 m'rleto]¹
1134 3229 1192 3280 Hoc
1209 3228 1246 3276 ita
1264 3225 1331 3307 vul-

216 3311 250 3411 ii
269 3305 416 3412 {iiiiii}
430 3290 1244 3432 ,titt“ttttttirit‘tut’ttiiiit‚⁸⁰„tiiitt‘ai‘i
1255 3293 1329 3427 tiz:

214 3441 239 3477 et
256 3430 298 3478 eui
315 3429 403 3490 dicas,
421 3443 497 3495 saepe
514 3427 633 3481 visletc.“
666 3426 713 3476 ubi
736 3429 768 3477 de
791 3446 891 3496 quoque
913 3429 1045 3498 intelliges
1064 3443 1088 3480 et
1106 3433 1214 3498 dequo.
1251 3427 1331 3481 Certe

214 3495 268 3547 boo
284 3505 362 3566 pacto
380 3512 478 3547 novum
495 3506 668 3564 praeceptum
686 3499 819 3558 exoritur,
837 3499 896 3546 uide
913 3499 944 3548 de
962 3517 1013 3566 quo
1030 3487 1120 3548 sli'ras:
1139 3515 1174 3548 ne
1191 3496 1274 3558 iorte,
1293 3493 1331 3550 de

215 3565 335 3633 potenti,
355 3562 389 3614 da
407 3565 539 3630 gratioso:
559 3580 619 3613 nam
637 3562 671 3615 de
689 3581 846 3630 quocumque
862 3563 1023 3616 homunculo
1039 3565 1106 3634 quid
1118 3565 1190 3615 dicas
1202 3575 1332 3634 tantope-

215 3649 245 3683 re
263 3633 481 3702 circumspicere,
518 3632 596 3681 nimis
614 3633 694 3681 anais
712 3633 800 3682 cautio
820 3641 873 3692 sat,
905 3643 931 3682 st
948 3631 1077 3682 timiditas
1093 3631 1154 3702 plus
1171 3649 1251 3700 quam
1269 3649 1331 3684 ser·

117 3689 131 3720 Ι
163 3749 167 3761 ,
214 3699 294 3752 vilis:
320 3699 472 3772 Porphyris
490 3695 665 3750 Scholiastes:
701 3699 788 3760 „Tria
804 3700 889 3763 dixit,
917 3697 983 3769 quid
1001 3701 1094 3762 dicus,
1121 3697 1155 3750 de
1172 3715 1227 3768 quo
1244 3701 1328 3765 dicas,

190 3773 194 3782 '
215 3769 258 3818 cui
276 3769 383 3820 uieaa.“
419 3763 520 3817 Cicero·
531 3763 606 3820 Orat.
624 3769 652 3816 in
669 3767 792 3817 Pisonem
809 3783 833 3820 c.
851 3767 894 3818 31.
930 3769 995 3830 „Tu
1012 3765 1093 3835 quid,
1112 3778 1142 3816 tu
1160 3766 1233 3837 apud
1251 3785 1338 3836 quosp

214 3834 296 3885 tude
315 3835 476 3904 quodiana,
497 3833 672 3902 'intelligisl“
706 3833 805 3888 Vides.
833 3835 944 3903 opinor,
972 3847 999 3885 et
1016 3845 1195 3887 enutritorem
1213 3847 1332 3892 veterem
1429 3851 1433 3860 '

214 3913 241 3954 et
258 3900 414 3955 Ciceronem
432 3903 520 3971 ipsum
537 3900 618 3970 plane
635 3900 774 3952 nobiscum
790 3900 887 3955 iacere.
1269 3929 1272 3936 ·

280 3971 324 4024 80.
364 3971 514 4036 Utpeuitus
532 3961 621 4018 actuari
637 3970 661 4018 si
678 3977 774 4020 emieat
791 3969 914 4036 crimina]
954 3967 1086 4040 Perplexa
1103 3970 1169 4023 baec
1187 3973 1272 4024 oratio
1289 3979 1330 4023 ast

213 4047 241 4090 et
258 4035 386 4102 obscura,
420 4037 568 4105 quesitio,
604 4038 625 4087 si
644 4035 771 4088 Suetonio
792 4033 877 4099 fides,
912 4037 1014 4088 minime
1039 4039 1171 4092 tenebatur
1188 4040 1326 4090 Horatius.

213 4104 376 4170 Videamus,
402 4121 528 4174 quorsum
546 4101 651 4168 tendat,
678 4101 790 4172 etquid
807 4103 887 4156 velit:
923 4101 1111 4168 „Follimuret
1128 4109 1258 4176 quondam
1275 4123 1328 4156 nors

212 4174 322 4242 dignum
338 4174 481 4240 tradimus,
515 4187 575 4242 ergo
596 4171 676 4235 Quem
693 4189 743 4220 suo
760 4169 839 4238 culpo
853 4184 962 4239 premet,
998 4175 1118 4244 dereptus
1136 4178 1225 4226 omitte
1241 4175 1326 4238 tresvir

211 4239 248 4292 Ut
262 4241 366 4308 penitus
384 4239 514 4328 spumei
530 4249 629 4292 reatem
644 4240 763 4306 οήωὶιιω,
781 4238 876 4300 Servis
888 4241 1040 4312 Tanaisque
1052 4253 1098 4296 tuo
1110 4241 1238 4298 fidentem
1245 4259 1328 4312 prae-
1383 4247 1388 4258 ¹
