3026 4832
1108 367 1114 380 =
1207 335 1269 404 193

351 529 959 726 '‘anc‘roar
1079 631 1082 637 ,

293 801 300 822 .
472 785 474 793 ·
637 755 769 814 san.
1114 807 1117 822 „
1283 791 1345 826 .,

228 857 260 946 .·
322 881 600 976 mancus
641 889 1075 998 sansonesca.
1199 967 1205 978 .
1261 865 1267 879 ’

147 1205 276 1346 Quam
296 1256 523 1326 necessarium
544 1255 774 1328 adiumentum
793 1258 852 1341 iis,
878 1269 935 1352 ,111
956 1275 1135 1372 capium,
1155 1281 1253 1354 lecti.

146 1367 212 1412 one
233 1343 409 1426 Veterum,
439 1342 507 1410 sint
527 1341 671 1424 Indices,
702 1339 822 1434 quibus
843 1355 994 1436 terrolam
1016 1391 1035 1432 a
1055 1367 1132 1435 fidis
1145 1371 1253 1438 duci.

125 1430 209 1494 'bus
231 1427 275 1494 ad
294 1431 408 1494 locum
429 1427 575 1520 aliquem
596 1429 766 1511 ducimur,
789 1419 902 1498 notius
922 1459 981 1524 est,
1010 1433 1110 1540 quam
1124 1472 1168 1521 ,ut
1188 1481 1251 1522 ne.

145 1537 239 1580 cesse
259 1511 303 1578 sit
323 1513 390 1580 hoo
411 1513 488 1584 loco
510 1513 596 1582 illud
610 1537 760 1581 monere.
786 1557 788 1562 ,
806 1513 927 1580 Testes
942 1541 1009 1602 sunt
1024 1559 1150 1616 omn-es„
1174 1540 1251 1628 qui..

144 1599 215 1665 bus
228 1596 347 1664 literae
366 1598 464 1664 cordi
480 1615 570 1680 sunt,
595 1597 652 1689 qui
675 1623 717 1664 ue
739 1622 809 1666 non
830 1597 903 1664 sine
925 1623 982 1666 suc
997 1623 1087 1689 malo
1108 1624 1268 1713 nequjc..

144 1707 245 1772 quam
273 1697 360 1750 totas
390 1683 493 1750 horas
524 1625 705 1774 aliquando
731 1683 960 1750 insumserunt
988 1688 1013 1749 i,
1037 1707 1250 1796 ,requirendo

144 1771 221 1837 loco
230 1789 265 1850 ‚·
282 1791 382 1858 quem
406 1771 439 1833 le
464 1767 527 1834 'sse
548 1793 585 1834 se
605 1767 847 1848 meminerant,
885 1791 949 1834 nec
969 1782 1070 1855 tama,
1090 1809 1250 1881 poterant

144 1849 318 1918 reminisci
339 1857 450 1941 qua,h
476 1852 507 1918 ri
527 1868 635 1944 parte.
685 1851 774 1918 Huic
794 1854 884 1918 malo
906 1853 975 1922 iam
998 1869 1153 1946 amedu„
1174 1877 1249 1947 fem

143 1940 255 2004 secula
276 1935 418 2033 quisque
439 1961 504 2028 pro
527 1962 587 2003 sua
607 1935 702 2004 virili
717 1952 904 2026 coeperunt
919 1937 1065 2020 mederi,
1089 1961 1134 2028 qs
1168 1963 1250 2032 dum

144 2019 292 2090 auctoris
328 2021 468 2088 ahcuius
506 2021 686 2088 dulcedine
724 2020 814 2111 capti
850 2021 981 2111 singula
1017 2022 1054 2087 in
1083 2013 1249 2115 prdffjum

142 2130 241 2174 usum
257 2102 414 2197 seligunt,
436 2106 537 2176 nobis
552 2107 605 2177 ¹tot
621 2105 775 2198 egregios
792 2105 933 2194 indices,
964 2105 1086 2257 <pibus
1102 2109 1248 2198 mimine

142 2191 317 2260 uberrimo
347 2189 460 2263 fructu
489 2191 636 2272 utimur,
675 2189 905 2258 confecerunt.
1004 2215 1050 2280 on
1076 2209 1249 2291 P9⁸⁰0¹⁸=ut

142 2275 280 2345 Horatii
310 2291 476 2344 amatores
507 2276 566 2342 diu
589 2301 660 2342 esse
683 2273 838 2356 destituti
856 2291 927 2342 tam
947 2299 1139 2345 necessario
1163 2279 1242 2346 adin
1343 2289 1344 2292 ’

140 2377 274 2442 mento,
294 2359 431 2512 ,quippe
462 2361 556 2428 cuius
582 2360 686 2428 lectio
715 2359 879 2426 immensa
900 2359 1043 2426 utilitate
1066 2381 1263 2452 compenset

141 2449 296 2515 laborem
316 2471 353 2512 sn
387 2447 518 2537 egendo
534 2449 746 2524 collocatum,
769 2441 929 2534 cuiusque
946 2443 1071 2536 scripta
1087 2445 1199 2514 decies
1210 2451 1261 2516 'ad
1360 2491 1361 2496 κ

140 2557 289 2623 unguem
310 2531 470 2622 castigata
490 2535 581 2598 ultro
593 2527 752 2595 alliciant
768 2532 932 2596 lectorem
950 2531 993 2596 ad
1011 2529 1138 2620 optimu
1156 2559 1259 2622 quae·
1335 2553 1337 2561 ⁴

141 2641 208 2708 que
239 2617 465 2716 excerpenda.
518 2615 567 2681 Ea
589 2630 680 2682 certe
702 2613 835 2681 ratione
859 2616 1001 2680 Thomas
1026 2621 1177 2692 'steteras
1197 2644 1259 2687 na·
1288 2646 1314 2692 s,

140 2719 196 2770 tus
212 2701 399 2770 Posnamae
421 2699 598 2778 (Poloniae
619 2695 816 2784 maioris-ea
837 2714 887 2766 est
908 2701 1003 2776 urbs)
1027 2702 1164 2792 collegit
1182 2703 1259 2804 pri·

141 2812 215 2854 mus
244 2784 397 2854 Iudicem
424 2785 462 2854 in
490 2783 671 2854 Horatium
702 2784 834 2865 adiutus
857 2809 876 2849 a
898 2783 1064 2850 Stunislao
1085 2791 1243 2868 Drozmio

166 2897 245 2938 uum
274 2888 416 2962 uterque
445 2871 575 2939 Romae
603 2869 640 2937 in
670 2867 809 2936 aedibus
841 2871 1000 2934 stanislai
1030 2874 1127 2937 Hosii
1155 2837 1259 2941 RE).

142 2897 332 3036 dardimlis
347 2957 547 3024 versabatur
563 2978 652 3023 anno
671 2955 764 3019 1⁵73.
786 2955 914 3019 nullam
931 2953 1021 3048 enipi
1038 2955 1136 3032 aliam
1154 2957 1259 3028 baisse

141 3065 303 3124 caussam,
326 3039 392 3108 nisi
411 3059 450 3108 ut
471 3041 685 3132 scriptorem,
717 3062 785 3128 quo
805 3035 990 3129 plurimum
1013 3037 1257 3126 delectabatur,

139 3127 304 3198 redderet
331 3125 397 3194 sibi
421 3125 649 3206 familiarem,
673 3139 814 3193 testatur
835 3120 909 3212 ipse
932 3123 1113 3206 Treterus3
1158 3127 1258 3195 buius
1329 3185 1336 3190 .

138 3211 318 3282 materiam
346 3209 616 3302 postea,polivit
631 3211 763 3284 Daniel
781 3205 938 3272 Atiemun
958 3207 1258 3299 Brunopolitanus.
1331 3254 1337 3260 -

140 3295 256 3384 Quum
283 3296 373 3364 enim
401 3295 581 3374 'Preteruu
612 3309 651 3361 ut
680 3291 739 3382 qui
767 3291 949 3383 scripserat
978 3289 1060 3373 sibi,
1090 3317 1161 3362 non
1183 3295 1257 3364 aliis
1339 3369 1340 3378 ,

138 3383 218 3450 usu's
241 3397 328 3450 esset
349 3378 514 3459 numeris,
537 3403 638 3470 quam
658 3377 858 3528 ραῖἱηᾶῑῳη
878 3376 931 3444 sui
953 3378 1156 3476 exemplaris
1165 3374 1214 3460 ,Ἃ
1240 3421 1259 3434 .

139 3490 274 3558 gressus
296 3483 347 3534 est
366 3471 521 3532 Aveman
541 3461 682 3530 maximi
724 3463 855 3544 aborss,
894 3461 956 3530 sad
984 3463 1122 3530 maioris
1152 3480 1206 3532 tae
1232 3461 1259 3532 ii

140 3575 237 3644 opus,
260 3551 471 3620 revolvendo
495 3573 610 3619 omnes
631 3571 745 3626 voces,
769 3571 850 3638 quas
872 3547 1036 3614 Treterus
1053 3547 1090 3612 in
1106 3545 1258 3616 Iudicem

140 3639 322 3718 retulerat,
362 3649 396 3703 et
423 3643 583 3702 numeros
613 3633 813 3725 paginarum
831 3631 1002 3704 „mutando
1032 3631 1070 3698 in
1097 3658 1257 3702 numeros

138 3721 324 3802 librorum,
362 3721 534 3791 minorum
560 3722 819 3809 opusculorum,
860 3717 1047 3807 exquibus
1070 3717 1150 3784 libri
1173 3743 1256 3787 con-
1330 3744 1334 3752 ·

140 3821 246 3886 stant,
269 3822 368 3898 atque
390 3807 476 3876 adeo
497 3806 509 3873 i
535 3828 650 3873 sorum
670 3825 846 3884 versuum3
886 3801 989 3892 idque
1011 3805 1080 3871 tam
1102 3820 1256 3872 accurate

138 3888 317 3983 praestitit,
340 3909 378 3959 ut
398 3913 497 3982 saepe
512 3833 667 3957 bominis
684 3886 893 3979 diligentiam
914 3885 1038 3954 fuerim
1060 3887 1255 3972 admiratus,

141 3990 176 4042 et
195 3973 409 4060 verissimum
431 4001 502 4043 esse
525 3972 771 4064 compererim,
795 3973 887 4064 quod
908 3971 981 4072 ipse
1004 3971 1166 4052 affirmat,
1190 3997 1255 4042 nu-

139 4083 253 4127 meros
274 4083 396 4128 vocum
416 4061 546 4128 indices
563 4083 631 4126 nun
658 4081 734 4124 uam
749 4057 878 4138 fallere,
901 4081 930 4123 sa
949 4057 1256 4145 exceperis0dam
1363 4129 1368 4142 ,
1403 4083 1409 4098 ·

141 4143 204 4212 XI.
220 4159 256 4212 ot
269 4143 363 4212 Xlll.
387 4144 424 4212 in
444 4145 534 4214 libro
555 4085 711 4242 Epodon,
736 4168 821 4234 quae
843 4141 989 4209 eundem
1009 4164 1169 4210 versuum
1189 4167 1255 4211 nu-
1301 4170 1303 4176 ·

143 4255 274 4298 merum
294 4227 333 4295 in
349 4231 505 4300 omnibus
534 4227 740 4311 editionibus
769 4253 838 4297 uon
868 4227 995 4294 habent
1022 4249 1090 4318 pro
1119 4227 1255 4298 diversa

214 4335 289 4384 ron.
304 4334 342 4390 lt,
940 4379 942 4387 ,
1034 4327 1058 4378 N
