2960 4828
90 1983 92 1990 ’
193 1965 366 2051 1Αιιιιιιὶξὶιιιε
383 1965 474 2020 Marce

134 327 135 334 ¹
208 327 252 394 u
311 375 316 382 .
427 383 429 390 .
492 282 972 418 ‚ouomrnrmcu
1037 359 1043 380 ,

246 433 261 470 0
767 439 770 455 t

291 474 472 568 inpransus
492 497 563 548 non
585 474 644 566 qui
661 472 775 542 civem
795 469 831 539 di
878 485 1010 541 osceret
1030 473 1149 558 hoste3

228 563 271 630 30
292 561 473 646 Quaelibet
493 559 531 627 in
551 559 703 652 quemvis
725 581 835 650 oppro
861 558 912 626 ria
932 557 1059 650 smgere
1081 581 1221 642 saevus3
1244 611 1247 618 ,

291 645 463 716 Pernicies
485 661 520 712 et
539 660 718 736 tempestas
739 645 1002 733 barathrumque
1024 643 1168 726 macelli,
1261 703 1264 708 ,

291 729 464 822 Ouicquid
484 727 690 820 quaesierat,
712 727 828 796 ventri
849 728 993 814 donaret
1014 749 1138 795 avaro:
1241 777 1244 786 a

241 829 244 836 '
290 796 374 899 llio,
395 815 457 882 ubi
477 813 647 905 nequitiae
668 813 857 882 fautoribus
879 829 913 880 et
934 811 1062 880 timidis
1083 812 1134 878 nil

194 911 197 919 ’
290 903 364 970 Aut
384 902 535 994 paullum
557 901 757 979 abstulerat,
780 898 910 990 patinas
933 896 1075 964 cenabat
1096 895 1214 977 omasi,

158 1065 161 1074 Α
227 987 270 1054 35
290 986 379 1052 Vili's
402 1001 436 1052 et
457 983 615 1075 agninae3
636 984 745 1051 tribus
766 983 854 1050 ursis
876 983 968 1073 quod
990 983 1069 1048 satis
1091 997 1195 1050 esset:

292 1068 429 1138 Scilicet
449 1085 488 1136 ut
507 1085 644 1136 ventres
665 1072 777 1158 lamna
799 1067 962 1144 candente
984 1091 1027 1133 ne
1053 1082 1148 1134 otum

288 1155 432 1226 Diceret
451 1154 601 1222 urendos
623 1169 798 1221 corrector
819 1151 962 1219 Bestius.
999 1147 1011 1218 i
1037 1173 1091 1220 em

416 1325 444 1364 r.
461 1307 505 1361 ³2
539 1304 625 1376 vulg.
642 1305 778 1382 Detrahat.
846 1305 889 1361 37.
927 1305 1092 1358 Cumaua-

129 1551 132 1558 ,
191 1497 294 1560 'Rure,
313 1495 358 1560 eit,
376 1509 438 1546 tneo
455 1503 510 1546 tam
526 1489 633 1563 liquido
648 1504 678 1544 et
695 1487 910 1546 defaecatorum
927 1491 1024 1556 animo,
1039 1489 1074 1542 ‘nt
1090 1491 1178 1543 omnia
1195 1489 1261 1542 mibi
1277 1507 1324 1542 se-

206 1566 284 1635 piant
300 1562 487 1632 plsceantque.
523 1560 618 1614 Cicero
636 1557 716 1614 offic.
734 1561 753 1624 l,
772 1561 815 1614 30.
841 1563 974 1630 „itemque
991 1559 1050 1624 alii,
1069 1563 1116 1629 qui
1134 1557 1239 1630 quidvis
1256 1575 1323 1629 per-
1361 1571 1365 1592 ¹

206 1633 360 1703 peliuntur,
379 1631 463 1678 cuiuis
480 1631 644 1696 deserviant,
663 1629 723 1678 dum
741 1630 812 1698 quod
828 1627 907 1680 veiint
923 1631 1148 1695 consequantur.“
1242 1672 1247 1683 ,

231 1699 235 1708 ’
274 1697 318 1750 30.
360 1695 496 1760 Quaelibet
521 1697 550 1746 in
574 1697 690 1764 qraemvia
716 1696 851 1764 opprobria
869 1695 976 1766 fingere
1000 1695 1105 1762 emona]
1147 1695 1270 1745 Heinsius
1294 1695 1324 1744 in
1354 1741 1362 1754 ,

208 1779 255 1818 ora
272 1765 354 1828 libri,
374 1765 471 1828 „Forte
488 1765 646 1834 stringere.“
676 1761 814 1831 ingeniose
832 1761 951 1832 quidem.
978 1759 1030 1814 Sed
1047 1773 1154 1834 recepta
1171 1759 1251 1814 lectio
1268 1779 1324 1812 non

209 1845 249 1886 est
264 1830 445 1885 sollicitanda.
481 1829 576 1884 Cicero
593 1833 622 1882 in
638 1831 751 1882 Verrem
768 1831 789 1894 l,
808 1829 834 1881 5.
864 1832 922 1894 „Ut
940 1829 1003 1880 rru'la'
1020 1830 1323 1899 magt'etimendumeit,

119 1923 136 1943 ι
208 1919 240 1950 ue
255 1899 465 1950 muita‘criminu
499 1900 693 1962 raetermittere,
711 1915 745 1967 qu
806 1915 889 1962 nequa
905 1900 934 1948 in
951 1900 1029 1948 istum
1046 1897 1146 1966 fingere
1163 1897 1324 1962 existimer.“

475 1917 556 2016 iiinua
573 1965 661 2031 xyst,
677 1968 720 2016 11.
720 1917 899 2088 ffbgimru
917 1968 945 2014 in
963 1977 1063 2018 veteres
1080 1985 1179 2034 quoque
1195 1963 1334 2034 magnifiq

209 2052 253 2087 rot
271 2036 348 2102 eluces
372 2036 436 2091 ritis
463 2037 628 2103 crimineque
652 2026 718 2082 liniri
777 2033 999 2102 malignitatem.“
1044 2033 1154 2100 Fingere
1178 2035 1276 2084 crimen
1294 2034 1325 2082 in

208 2103 345 2172 aliquem,
365 2111 412 2164 ut,
438 2099 538 2170 fingere
556 2117 572 2152 o
594 2100 703 2171 probria
721 2103 748 2150 in
766 2103 896 2169 quemvis.
931 2099 1039 2152 Deinde
1057 2111 1083 2152 et
1100 2103 1202 2151 saevius
1221 2102 1325 2151 atroci-

208 2187 240 2222 us
262 2189 294 2222 ue
311 2181 351 2221 eat
364 2167 465 2238 {ingere
483 2120 639 2238 opproiiria,
657 2185 738 2236 quam
755 2169 820 2218 atriu
840 2185 901 2232 ere3
918 2167 1044 2218 etrinrrere
1061 2170 1132 2218 enim
1150 2179 1176 2218 ct
1193 2181 1254 2220 rere
1271 2183 1325 2238 op-

229 2257 258 2290 ro
278 2241 318 2288 ria
334 2239 530 2306 poterithuis,
558 2235 666 2306 fingere
683 2251 738 2286 non
755 2237 807 2287 nisi
823 2187 909 2287 laur:
944 2235 1012 2288 acle
1038 2235 1113 2306 quod
1139 2251 1170 2287 eo
1193 2239 1251 2306 ipso
1269 2251 1324 2305 quo

247 2309 300 2375 git,
320 2303 413 2354 ititlem
433 2315 459 2355 et
476 2305 592 2371 stringit.

235 2379 238 2384 '
276 2375 320 2429 32.
359 2371 490 2439 Quicquid
506 2372 667 2440 quaesierat,
693 2371 781 2422 ventri
797 2371 912 2422 donaba!
929 2371 1024 2440 avaro]
1066 2372 1160 2423 Ilacsit
1185 2367 1255 2422 illud
1272 2371 1325 2422 ulo-

209 2441 288 2494 nabat
306 2457 339 2500 ex
356 2437 517 2490 editionibus
533 2441 642 2508 primis,
662 2457 732 2509 quae
749 2441 788 2490 sic
804 2437 946 2495 dederunt.
962 2449 965 2454 '
981 2439 1020 2490 At
1036 2439 1222 2504 membranae,
1240 2457 1325 2510 prae-

208 2513 300 2562 sertim
317 2509 491 2569 vetustiores,
526 2503 601 2556 aliud
619 2519 744 2576 crepam
780 2508 926 2558 exnostris
944 2506 1052 2576 quidem
1067 2507 1232 2570 Vossianus,
1258 2505 1325 2564 Lei-,¹

209 2576 315 2639 densis,
334 2575 372 2623 lle
391 2575 489 2623 inentis
506 2591 566 2624 cum
584 2573 643 2624 aliis
661 2573 795 2643 pluribus,
814 2575 933 2626 donarat.
969 2575 1038 2644 Lege
1056 2575 1135 2626 unius
1153 2575 1246 2624 literae
1263 2592 1327 2622 mu·-
1366 2582 1369 2592 ¹

208 2645 320 2706 tatione,
339 2592 495 2707 „3ut'equitl
511 2641 667 2706 quaesierat,
686 2643 769 2691 ventri
786 2641 899 2692 donaret
917 2645 1031 2692 avaro.·‘
1075 2640 1255 2693 Continentur
1271 2642 1327 2691 sci·

207 2711 274 2763 licet
291 2709 418 2760 orationis
435 2709 514 2758 series
524 2743 532 2770 ,
555 2706 607 2769 Oui
624 2727 676 2758 nou
693 2719 796 2760 teneret
812 2721 907 2758 certum
923 2725 1063 2779 praeeepe5
1088 2728 1140 2760 non
1158 2711 1237 2760 ciuem
1253 2707 1328 2758 baete
1357 2713 1361 2737 ¹

209 2777 392 2848 dignoscam
410 2775 534 2844 quiequid
551 2775 712 2843 quaesierat,
732 2777 816 2824 ventri
832 2774 953 2832 donaret.

276 2847 319 2896 37.
355 2843 458 2892 Die'eret
475 2845 585 2892 unudoe
609 2853 736 2892 correctus
752 2843 872 2908 Bestius]
914 2845 1017 2908 Locus,
1053 2843 1139 2913 qtralis
1164 2841 1246 2896 totto
1270 2843 1327 2894 cir-

103 2899 108 2906 ·
209 2912 373 2975 cnmfertur,
406 2910 533 2962 obscurus
559 2921 585 2962 et
604 2908 792 3025 perdifficilia:
836 2911 909 2974 „Hie
926 2911 970 2960 ubi
986 2909 1284 2980 nequitinefautoribue
1301 2921 1327 2962 ee

209 2983 306 3032 timidis
324 2977 364 3028 nit
379 2978 437 3026 Aut
451 2976 570 3045 paullum
586 2995 602 3025 a
619 2977 741 3042 etulerat,
764 2978 871 3043 pruinae
888 2980 994 3028 anabau
1012 2983 1095 3029 omasi
1114 2978 1184 3030 Vitis
1201 2991 1225 3029 et
1241 2981 1327 3050 agni-

179 3053 183 3060 '
209 3067 277 3112 uae,
295 3047 375 3096 tribue
392 3046 461 3098 uteie
479 3045 549 3112 quoti
565 3045 632 3094 entia
649 3055 725 3106 earet,
745 3043 849 3094 Scilicet
867 3055 897 3094 ut
914 3058 1012 3096 ventres
1030 3045 1117 3096 Iamna
1134 3049 1260 3098 candente
1276 3066 1327 3099 ne·

208 3128 297 3186 potura
313 3113 415 3162 Diceret
433 3114 541 3162 urendae
559 3121 691 3163 correctus
708 3113 842 3166 Bestius.“
876 3112 929 3163 Ubi
948 3113 1076 3166 editiones
1112 3117 1196 3166 riscae
1213 3114 1326 3180 babent,

210 3189 347 3252 correptus
364 3179 489 3247 Beatus,
508 3191 538 3230 ut
555 3177 581 3229 it
598 3178 703 3230 codices
720 3178 840 3248 aliquot:
865 3178 912 3230 sed
929 3193 1056 3230 correctus
1073 3135 1165 3251 pibrea.
1182 3194 1209 3232 et
1225 3182 1328 3233 melio·-

209 3269 260 3302 res.
297 3245 350 3320 Qui
375 3265 425 3316 pro
448 3247 539 3295 Beatio
563 3247 701 3314 Maenium
717 3247 761 3297 bic
778 3245 990 3313 substituerunt,
1024 3259 1052 3299 et
1075 3253 1233 3301 sententiam
1259 3267 1328 3320 pet·-

210 3315 343 3380 tundant,
362 3325 388 3365 et
405 3331 419 3362 a
438 3315 488 3364 scri
510 3316 542 3362 tie
561 3312 684 3364 omnibus
701 3311 839 3369 recedunt.
882 3313 955 3366 Ordo
974 3327 1064 3368 aunem
1082 3319 1210 3368 orationis
1227 3317 1326 3368 huius-

164 3393 165 3398 ’
209 3383 284 3438 modi
302 3393 358 3434 est:
394 3381 447 3429 Hie·
499 3381 603 3444 aerius,
630 3381 675 3430 ubi
690 3379 758 3432 nibil
774 3383 846 3432 uncti
862 3393 885 3431 et
905 3385 1007 3452 opipari
1024 3385 1130 3447 babuit,
1148 3384 1246 3435 vilibus
1263 3386 1328 3435 cibis

211 3472 237 3504 ee
254 3451 331 3500 auide
347 3447 484 3515 implebat,·
518 3445 615 3496 seilicet
641 3459 669 3497 ut
694 3451 788 3498 elr'eeret
813 3449 963 3567 (Maeniusp
981 3464 1101 3519 nepotum
1123 3463 1221 3501 ventres
1240 3449 1329 3502 lamna

210 3521 336 3572 candente
352 3515 462 3566 urendos
480 3531 543 3579 eere,
561 3527 695 3565 correctus
712 3517 824 3570 Bestius.
861 3517 924 3568 Sine
962 3517 1025 3569 ubio
1043 3519 1112 3570 illud
1128 3519 1221 3568 eliceret
1240 3537 1253 3570 ι
1272 3537 1330 3570 no-

210 3589 338 3640 minativo
356 3583 480 3632 Maenius
497 3599 526 3632 re
544 3583 614 3646 itur3
638 3581 713 3652 quod
731 3594 758 3634 et
775 3587 922 3636 sententiae
939 3585 1044 3637 indoles
1061 3596 1086 3637 et
1104 3585 1231 3640 orationis
1247 3595 1331 3640 tenor

210 3657 320 3707 omnino
337 3647 485 3721 postulent.
521 3599 629 3718 5uippe
646 3653 668 3700 ti
685 3651 738 3702 alio
755 3650 835 3702 modo
851 3655 1046 3718 construxeris,
1082 3651 1206 3716 „Scilicet
1224 3665 1254 3704 ut
1269 3655 1329 3706 Be-

142 3741 144 3748 ·
210 3725 277 3774 etiue
295 3721 389 3770 diceret
407 3726 526 3784 nepotum
545 3721 663 3766 uentree“
682 3729 752 3782 etc,
785 3728 812 3768 et
837 3721 951 3771 orationi
968 3723 1020 3769 rim
1038 3720 1137 3784 facies,
1173 3720 1329 3774 et'eenten·

210 3793 265 3840 tiae
281 3804 368 3838 mem
384 3783 507 3836 tenebrat
524 3779 658 3839 offundet.
702 3783 758 3835 Cur
781 3787 852 3839 euim
878 3795 935 3836 tum
957 3791 1073 3838 maxime
1099 3787 1201 3840 Bestius
1226 3790 1274 3844 ille
1297 3793 1329 3842 in

211 3867 322 3926 nepotes
339 3851 518 3916 declamaret,
538 3867 596 3902 curn
615 3853 740 3928 Maenius
757 3855 865 3904 minime
882 3865 1009 3923 nepotem
1027 3865 1124 3924 egeret,
1143 3857 1246 3926 vulgari
1264 3859 1328 3910 cibo

212 3917 373 3978 contentus?
409 3917 566 4002 Hocoplane
583 3921 798 4000 intempestivum
816 3932 842 3972 et
858 3924 991 4002 ineptum.
1027 3923 1096 3990 Ergo
1113 3923 1240 3974 ,uuam
1257 3928 1326 3998 ipse,

211 4008 274 4072 ⁰⁰³²
290 3983 772 4104 ¹¹‘tlt'„t;”':”‘¹2t„l⁰„2'32att
788 3990 1329 4112 ttttttt⁸¹³ttfti¹¹¹³⁹21?“”'“‘tlt

132 4139 135 4150 '
211 4068 403 4178 liiuiullitirci
419 4120 451 4183 ll,
468 4071 741 4190 tssip‚‚Mut›-i‹teeee,
759 4139 810 4170 sem
828 4141 855 4172 er
871 4093 955 4174 aazia
974 4077 1112 4188 maxtibiee,
1129 4078 1247 4177 ebriiiiiie
1263 4130 1319 4180 tlux

212 4192 286 4246 miles
304 4205 392 4250 mauu,
411 4188 470 4237 odio
487 4187 515 4268 in
531 4187 664 4238 Romnae
680 4141 850 4241 ffimtbei“
884 4188 944 4262 Quo
961 4195 1049 4262 posito
1077 4196 1146 4246 scire
1163 4211 1228 4246 ereo
1262 4164 1331 4265 quiri

212 4261 265 4314 sibi
283 4255 348 4312 velit
365 4263 413 4307 tut
429 4265 512 4325 poam
528 4253 599 4306 illud
615 4256 766 4309 cometae?
799 4255 873 4308 Nihil
895 4255 959 4320 inde
980 4228 1063 4312 eututl
1226 4233 1245 4314 ti

1066 4263 1135 4328 erit,
1169 4279 1225 4333 quo
1267 4281 1328 4315 eum
